@article{conley2013does,
  title={How does he saw me? A Recommendation Engine for Picking Heroes in Dota 2},
  author={Conley, Kevin and Perry, Daniel},
  journal={Np, nd Web},
  volume={7},
  year={2013}
}

@article{cook2016draft,
  title={Draft-Analysis of the Ancients: Predicting Draft Picks in DotA 2 Using Machine Learning},
  author={Cook, Michael},
  year={2016}
}
